
@BOOK{Dai2008Semantic,
	booktitle={数据结构},
	author={严蔚敏等},
	publisher={清华大学出版社},
}


